% This file was created with JabRef 2.10.
% Encoding: ISO8859_1


@Manual{Fear,
  Title                    = {Publication quality tables in Latex -- the booktabs package},
  Author                   = {Simon Fear},
  Year                     = {2016},

  Owner                    = {iwtm94},
  Timestamp                = {2018.04.20}
}

@InCollection{Pfaller,
  Title                    = {{Multiscale Simulation of Polymers -- Coupling of Continuum Mechanics and Particle-Based Simulation}},
  Author                   = {Pfaller, Sebastian},
  Booktitle                = {{Schriftenreihe Technische Mechanik}},
  Year                     = {2015},
  Volume                   = {16},

  Institution              = {{Lehrstuhl für Technische Mechaink - Universität Erlangen-Nürnberg}},
  ISSN                     = {2190-023X},
  Journaltitle             = {Schriftenreihe Technische Mechanik},
  Location                 = {Universität Erlangen-Nürnberg},
  Titleaddon               = {Doctoral thesis}
}

@Other{ries,
  Title                    = {{Investigation of the mechanical behavior of polymer nanocomposites using the Capriccio method}},
  Author                   = {Maximilian Ries},
  File                     = {:RIES_2018_MA.pdf:PDF},
  Institution              = {Lehrstuhl für Technische Mechanik -- Universität Erlan-gen-Nürnberg},
  Titleaddon               = {Master's thesis},
  Year                     = {2017}
}

@Other{ibisco,
  Title                    = {{IBIsCO - It is Boltzmann Inversion software for Coarse Graining Simulations}},
  Author                   = {Hossein Ali Karimi Varzaneh},
  Organization             = {Theoretical Physical Chemistry TU Darmstadt},
  Url                      = {http://www.theo.chemie.tu-darmstadt.de/ibisco/IBISCO.html},
  Urldate                  = {2018-01-20},
  Year                     = {2008}
}

@Other{Latexwiki,
  Title                    = {Latex},
  Organization             = {Wikibooks},
  Url                      = {https://en.wikibooks.org/wiki/LaTeX}
}

@comment{jabref-meta: databaseType:biblatex;}

